<record><leader>01228cam a2200337 a 4500</leader><controlfield tag="001">1323449</controlfield><controlfield tag="008">900927s1985    inu    f b        0 eng c</controlfield><datafield ind1=" " ind2=" " tag="035"><subfield code="a">ocm12789260</subfield></datafield><datafield ind1=" " ind2=" " tag="040"><subfield code="b">eng</subfield></datafield><datafield ind1=" " ind2=" " tag="049"><subfield code="a">AEU</subfield><subfield code="b">eng</subfield></datafield><datafield ind1=" " ind2="3" tag="055"><subfield code="a">LB 1715</subfield><subfield code="b">T243 1985</subfield></datafield><datafield ind1="0" ind2="4" tag="082"><subfield code="a">371.144</subfield></datafield><datafield ind1="0" ind2=" " tag="090"><subfield code="a">LB 1715 T243 1985</subfield></datafield><datafield ind1="0" ind2=" " tag="090"><subfield code="a">LB/2838/T253/1985</subfield><subfield code="b">MAIN</subfield></datafield><datafield ind1="0" ind2="0" tag="245"><subfield code="a">Teacher competence /</subfield><subfield code="c">Gayle C. Hall, editor.</subfield></datafield><datafield ind1=" " ind2=" " tag="260"><subfield code="a">Bloomington, IN :</subfield><subfield code="b">Phi Delta Kappa, Center on Evaluation, Development and Research,</subfield><subfield code="c">[1985].</subfield></datafield><datafield ind1=" " ind2=" " tag="300"><subfield code="a">[xvi], 284 p. ;</subfield><subfield code="c">28 cm.</subfield></datafield><datafield ind1=" " ind2=" " tag="336"><subfield code="a">text</subfield><subfield code="b">txt</subfield><subfield code="2">rdacontent</subfield></datafield><datafield ind1=" " ind2=" " tag="337"><subfield code="a">unmediated</subfield><subfield code="b">n</subfield><subfield code="2">rdamedia</subfield></datafield><datafield ind1=" " ind2=" " tag="338"><subfield code="a">volume</subfield><subfield code="b">nc</subfield><subfield code="2">rdacarrier</subfield></datafield><datafield ind1="1" ind2=" " tag="490"><subfield code="a">Hot topics series.</subfield><subfield code="v">10</subfield></datafield><datafield ind1=" " ind2=" " tag="500"><subfield code="a">Cover title.</subfield></datafield><datafield ind1=" " ind2=" " tag="504"><subfield code="a">Includes bibliographical references.</subfield></datafield><datafield ind1=" " ind2=" " tag="596"><subfield code="a">38</subfield></datafield><datafield ind1=" " ind2="0" tag="650"><subfield code="a">Teachers</subfield><subfield code="z">United States</subfield><subfield code="x">Rating of.</subfield></datafield><datafield ind1=" " ind2="0" tag="650"><subfield code="a">Teachers</subfield><subfield code="x">Certification</subfield><subfield code="z">United States.</subfield></datafield><datafield ind1=" " ind2="0" tag="650"><subfield code="a">Teachers</subfield><subfield code="x">Training of</subfield><subfield code="z">United States.</subfield></datafield><datafield ind1="1" ind2=" " tag="700"><subfield code="a">Hall, Gayle C.</subfield></datafield><datafield ind1="2" ind2=" " tag="710"><subfield code="a">Phi Delta Kappa.</subfield><subfield code="b">Center on Evaluation, Development, and Research.</subfield></datafield><datafield ind1=" " ind2="0" tag="830"><subfield code="a">Hot topics series. ;</subfield><subfield code="v">10.</subfield></datafield><datafield ind1=" " ind2=" " tag="926"><subfield code="a">LB 1715 T243 1985</subfield><subfield code="w">LC</subfield><subfield code="c">1</subfield><subfield code="i">000034613828</subfield><subfield code="d">4/14/2002</subfield><subfield code="l">ON_SHELF</subfield><subfield code="m">UABARD</subfield><subfield code="n">1</subfield><subfield code="p">$150.00</subfield><subfield code="r">Y</subfield><subfield code="s">Y</subfield><subfield code="t">BOOK</subfield><subfield code="u">10/15/1990</subfield><subfield code="o">.STAFF. B0047651</subfield></datafield></record>